@misc{mote:online,
author = {MATLAB},
title = {(2) Understanding the Particle Filter | | Autonomous Navigation, Part 2 - YouTube},
howpublished = {\url{https://www.youtube.com/watch?v=NrzmH_yerBU&t=795s}},
month = {},
year = {2020},
note = {(Accessed on 05/16/2022)}
}

@misc{Turtlebot,
author = {},
title = {TurtleBot3},
howpublished = {\url{https://emanual.robotis.com/docs/en/platform/turtlebot3/nav_simulation/}},
month = {},
year = {},
note = {(Accessed on 05/16/2022)}
}

@misc{predio,
author = {Imagens e Moldes},
title = {imagensemoldes},
howpublished = {\url{https://imagensemoldes.com.br/desenho-de-predio-png/}},
month = {},
year = {},
note = {(Accessed on 05/16/2022)}
}

@misc{arvore:online,
author = {Administrador},
title = {colegioweb},
howpublished = {\url{https://www.colegioweb.com.br/botanica/arvore.html}},
month = {},
year = {2012},
note = {(Accessed on 05/16/2022)}
}

@article{article,
author = {KÃ¼mmerle, Rainer and Triebel, Rudolph and Pfaff, Patrick and Burgard, Wolfram},
year = {2008},
month = {06},
pages = {346-359},
title = {Monte Carlo Localization in Outdoor Terrains Using Multi-Level Surface Maps},
volume = {25},
isbn = {978-3-540-75403-9},
journal = {J. Field Robotics},
doi = {10.1002/rob.20245}
}

@misc{Montec41:online,
author = {Angel Soriano},
title = {Montecarlo localization - YouTube},
howpublished = {\url{https://www.youtube.com/watch?v=lCXv4yOcwf8}},
month = {},
year = {2012},
note = {(Accessed on 04/29/2022)}
}
